@book{stinson2000selected,
  title={Selected Areas in Cryptography: 7th Annual International Workshop, SAC 2000, Waterloo, Ontario, Canada, August 14-15, 2000. Proceedings},
  year={2000},
  publisher={Springer},
  author={Huapeng Wu},
  pages={118--129},
}

@article{xiong2012bit,
  title={Bit-Parallel {$GF(2^n)$} Squarer Using Shifted Polynomial Basis.},
  author={Xiong, Xi and Fan, Haining},
  journal={IACR Cryptology ePrint Archive},
  volume={2012},
  pages={626},
  year={2012}
}

@article{xiong2014gf,
  title={{$GF(2^n)$} bit-parallel squarer using generalised polynomial basis for new class of irreducible pentanomials},
  author={Xiong, Xi and Fan, Haining},
  journal={Electronics Letters},
  volume={50},
  number={9},
  pages={655--657},
  year={2014},
  publisher={IET}
}

@article{wu2002bit,
  title={Bit-parallel finite field multiplier and squarer using polynomial basis},
  author={Wu, Huapeng},
  journal={Computers, IEEE Transactions on},
  volume={51},
  number={7},
  pages={750--758},
  year={2002},
  publisher={IEEE}
}

@article{cilardo2013fast,
  title={Fast Parallel {$GF(2^m)$} Polynomial Multiplication for All Degrees},
  author={Cilardo, Alessandro},
  journal={Computers, IEEE Transactions on},
  volume={62},
  number={5},
  pages={929--943},
  year={2013},
  publisher={IEEE}
}

@article{fan2015survey,
  title={A survey of some recent bit-parallel {$GF(2^n)$} multipliers},
  author={Fan, Haining and Hasan, M. Anwar},
  journal={Finite Fields and Their Applications},
  volume={32},
  pages={5--43},
  year={2015},
  publisher={Elsevier}
}

@inproceedings{doche2005redundant,
  title={Redundant trinomials for finite fields of characteristic 2},
  author={Doche, Christophe},
  booktitle={Information Security and Privacy},
  pages={122--133},
  year={2005},
  organization={Springer}
}

@article{park2012explicit,
  title={Explicit formulae of polynomial basis squarer for pentanomials using weakly dual basis},
  author={Park, Sun-Mi},
  journal={Integration, the VLSI journal},
  volume={45},
  number={2},
  pages={205--210},
  year={2012},
  publisher={Elsevier}
}

@incollection{bernstein2016dual,
  title={Dual {EC}: A standardized back door},
  author={Bernstein, Daniel J. and Lange, Tanja and Niederhagen, Ruben},
  booktitle={The New Codebreakers},
  pages={256--281},
  year={2016},
  publisher={Springer}
}

@inproceedings{adrian2015imperfect,
  title={Imperfect forward secrecy: How {Diffie-Hellman} fails in practice},
  author={Adrian, David and others},
  booktitle={Proceedings of the 22nd ACM SIGSAC Conference on Computer and Communications Security},
  pages={5--17},
  year={2015},
  organization={ACM}
}

@article{hariri2009bit,
  title={Bit-Serial and Bit-Parallel {Montgomery} Multiplication and Squaring over {$GF(2^m)$}},
  author={Hariri, Arash and Reyhani-Masoleh, Arash},
  journal={ {IEEE Transactions on Computers} },
  volume={58},
  number={10},
  pages={1332--1345},
  year={2009},
  publisher={IEEE}
}

@book{hankerson2006guide,
  title={Guide to {Elliptic Curve Cryptography}},
  author={Hankerson, Darrel and Menezes, Alfred J. and Vanstone, Scott},
  year={2006},
  publisher={Springer Science \& Business Media}
}

@article{reyhani2004low,
  title={Low complexity bit parallel architectures for polynomial basis multiplication over GF (2m)},
  author={Reyhani-Masoleh, Arash and Hasan, M Anwar},
  journal={IEEE Transactions on Computers},
  volume={53},
  number={8},
  pages={945--959},
  year={2004},
  publisher={IEEE}
}

@article{scott2007optimal,
  title={Optimal Irreducible Polynomials for GF (2m) Arithmetic.},
  author={Scott, Michael},
  journal={IACR Cryptology ePrint Archive},
  volume={2007},
  pages={192},
  year={2007}
}

@article{sunar1999mastrovito,
  title={Mastrovito multiplier for all trinomials},
  author={Sunar, Berk and Koc, Cetin Kaya},
  journal={IEEE Transactions on Computers},
  volume={48},
  number={5},
  pages={522--527},
  year={1999},
  publisher={IEEE}
}

@phdthesis{hilewitz2008advanced,
  title={Advanced bit manipulation instructions: Architecture, implementation and applications},
  author={Hilewitz, Yedidya},
  year={2008},
  school={Princeton University}
}
